@BOOK{Gonzalez1992,
	AUTHOR = {Gonzalez, Rafael C. AND Woods, Richard E.},
	YEAR = {1992},
	TITLE = {Digital Image Processing - },
	EDITION = {},
	ISBN = {978-0-201-50803-1},
	PUBLISHER = {Addison-Wesley},
	ADDRESS = {Amsterdam},
}